<?xml version="1.0" encoding="UTF-8"?><collection><record><leader>02510ntm a2200385 a 4500</leader><controlfield tag="001">002641740</controlfield><controlfield tag="003">MiAaHDL</controlfield><controlfield tag="005">20190719000000.0</controlfield><controlfield tag="006">m        d        </controlfield><controlfield tag="007">cr bn ---auaua</controlfield><controlfield tag="008">930712q17491750xx            00||  ara d</controlfield><datafield tag="035" ind1=" " ind2=" "><subfield code="a">(MiU)002641740</subfield></datafield><datafield tag="035" ind1=" " ind2=" "><subfield code="a">sdr-miu002641740</subfield></datafield><datafield tag="035" ind1=" " ind2=" "><subfield code="a">(OCoLC)34366816</subfield></datafield><datafield tag="035" ind1=" " ind2=" "><subfield code="a">(RLIN)MIUH93-A210</subfield></datafield><datafield tag="040" ind1=" " ind2=" "><subfield code="a">MiU</subfield><subfield code="c">MiU</subfield><subfield code="e">appm</subfield></datafield><datafield tag="100" ind1="0" ind2=" "><subfield code="a">Muslim ibn al-Ḥajjāj al-Qushayrī,</subfield><subfield code="d">approximately 821-875.</subfield><subfield code="6">880-01</subfield></datafield><datafield tag="240" ind1="1" ind2="0"><subfield code="6">880-02</subfield><subfield code="a">Jāmiʻ al-ṣaḥīḥ</subfield></datafield><datafield tag="245" ind1="1" ind2="3"><subfield code="6">880-03</subfield><subfield code="a">al-Musnad al-ṣaḥīḥ :</subfield><subfield code="k">manuscript,</subfield><subfield code="f">[1749 or 50].</subfield></datafield><datafield tag="300" ind1=" " ind2=" "><subfield code="a">1</subfield><subfield code="f">v. ([1078] p.) ;</subfield><subfield code="c">24 cm.</subfield></datafield><datafield tag="500" ind1=" " ind2=" "><subfield code="a">Illuminated ʻunwān on p. [1]; text rubricated in gold and red; text enclosed within gold borders; foliation in hand of copyist; illuminated colophon; edges gilded in foliate patterns.</subfield></datafield><datafield tag="500" ind1=" " ind2=" "><subfield code="a">wa-miʾah wa-alf.</subfield></datafield><datafield tag="500" ind1=" " ind2=" "><subfield code="a">Date and names of copyists in colophon: fa-qad kāna taḥrīr al-kitāb al-Ṣaḥīḥ al-mansūb ilá al-imām ... katabahu al-faqīr ... al-ḥājj Maḥmūd ibn Isḥāq al-shahīr bi-imām jāmiʻ mawlīnā mullā Kastad al-wāqiʻ fī al-Qusṭanṭinīyah al-muḥammīyah ... wa-anā ... ʻAbd Allāh ʻUmar Afandī Zādah kātib sarāy Mumāyūn wa-anā al-maʾdhūn bi-al-ḥadīth ... min al-shaykh ... al-murshid fī ṭarīq al-Naqshabandī ... al-mushtahar bi-al-shaykh Muṣṭafá al-ʻAfwī thalāth wa-sittīn</subfield></datafield><datafield tag="510" ind1="4" ind2=" "><subfield code="a">GAL,</subfield><subfield code="c">v. I, p. 167</subfield></datafield><datafield tag="520" ind1=" " ind2=" "><subfield code="a">"One of the two great and accepted collections of traditions [of the prophet Muḥammad]." Cataloging by William Hoyt Worrell, 1925.</subfield></datafield><datafield tag="538" ind1=" " ind2=" "><subfield code="a">Mode of access: Internet.</subfield></datafield><datafield tag="541" ind1=" " ind2=" "><subfield code="d">1924</subfield><subfield code="3">Manuscript</subfield><subfield code="a">Anonymous</subfield><subfield code="c">Purchase, 1924</subfield><subfield code="h">$50.00</subfield></datafield><datafield tag="545" ind1=" " ind2=" "><subfield code="a">Famous collector of prophetic traditions.</subfield></datafield><datafield tag="561" ind1=" " ind2=" "><subfield code="a">Purchased in Cairo, 1924. On flyleaf, seals and autographs of three (?) owners, one not identified: tamallakahu al-faqīr al-sayyid Muḥammad ʻĀrif; ʻarsh al-muʻaẓẓam dawlat al-zannām Muḥammad Yāfat. Once part of the personal manuscript collection of Sultan Abdülhamid II of Turkey.</subfield></datafield><datafield tag="650" ind1=" " ind2="0"><subfield code="a">Hadith</subfield><subfield code="y">Early works to 1800.</subfield></datafield><datafield tag="650" ind1=" " ind2="0"><subfield code="a">Manuscripts, Arabic</subfield><subfield code="z">Michigan</subfield><subfield code="z">Ann Arbor.</subfield></datafield><datafield tag="700" ind1="0" ind2=" "><subfield code="a">Abdülhamid</subfield><subfield code="b">II,</subfield><subfield code="c">Sultan of the Turks,</subfield><subfield code="d">1842-1918,</subfield><subfield code="e">former owner.</subfield></datafield><datafield tag="773" ind1="0" ind2=" "><subfield code="a">Abdul Hamid Collection.</subfield><subfield code="w">(CStRLIN)MIUH93-A187.</subfield><subfield code="7">unbc</subfield></datafield><datafield tag="880" ind1="1" ind2="2"><subfield code="6">245-03/</subfield><subfield code="a">المسند الصحيح :</subfield><subfield code="k">manuscript،</subfield><subfield code="f">[1749 or 50].</subfield></datafield><datafield tag="880" ind1="1" ind2="0"><subfield code="6">240-02/</subfield><subfield code="a">جامع الصحيح</subfield></datafield><datafield tag="880" ind1="0" ind2=" "><subfield code="6">100-01/</subfield><subfield code="a">مسلم بن الحجاج القشيري.</subfield></datafield><datafield tag="CID" ind1=" " ind2=" "><subfield code="a">002641740</subfield></datafield><datafield tag="DAT" ind1="0" ind2=" "><subfield code="a">20190719102633.0</subfield><subfield code="b">20190719000000.0</subfield></datafield><datafield tag="DAT" ind1="1" ind2=" "><subfield code="a">20190719090653.0</subfield><subfield code="b">2019-07-19T16:10:47Z</subfield></datafield><datafield tag="DAT" ind1="2" ind2=" "><subfield code="a">2015-10-02T18:00:03Z</subfield></datafield><datafield tag="CAT" ind1=" " ind2=" "><subfield code="a">SDR-MIU</subfield><subfield code="d">EX LIBRIS - ALEPH</subfield><subfield code="l">prepare.pl-004-008</subfield></datafield><datafield tag="FMT" ind1=" " ind2=" "><subfield code="a">BK</subfield></datafield><datafield tag="HOL" ind1=" " ind2=" "><subfield code="0">sdr-miu002641740</subfield><subfield code="a">MiU</subfield><subfield code="b">SDR</subfield><subfield code="c">MIU</subfield><subfield code="p">mdp.39015081446182</subfield><subfield code="s">MIU</subfield><subfield code="1">002641740</subfield></datafield><datafield tag="974" ind1=" " ind2=" "><subfield code="b">MIU</subfield><subfield code="c">MIU</subfield><subfield code="d">20190719</subfield><subfield code="s">lit-dlps-dc</subfield><subfield code="u">mdp.39015081446182</subfield><subfield code="y">1750</subfield><subfield code="r">pd</subfield><subfield code="q">bib</subfield><subfield code="t">non-US bib date2 &lt; 1896</subfield></datafield></record></collection>